@article{byzantine-generals-problem,
    author = {Lamport, Leslie and Shostak, Robert and Pease, Marshall},
    title = {The Byzantine Generals Problem},
    year = {1982},
    url = {https://www.microsoft.com/en-us/research/publication/byzantine-generals-problem/},
    pages = {382-401},
    journal = {ACM Transactions on Programming Languages and Systems},
    volume = {4/3},
}

@report{uk-gov-report,
    author = {UK Government Chief Scientific Adviser},
    title = {Distributed Ledger Technology: beyond block chain},
    institution = {Government Office for Science},
    url = {"https://assets.publishing.service.gov.uk/government/uploads/system/uploads/attachment_data/file/492972/gs-16-1-distributed-ledger-technology.pdf"},
    year = {2016},
}

@article{eu-parl-paper,
  author =       "{Philip Boucher, Susana Nascimento, Mihalis Kritikos}",
  title =        {How blockchain technology could change our lives},
  url = {https://publications.europa.eu/en/publication-detail/-/publication/9964fbfd-6141-11e7-8dc1-01aa75ed71a1},
  year =         "2018",
  isbn = {"978-92-846-0549-1"},
  addendum = "(Visitato: 01.09.2016)",
  DOI = {10.2861/926645},
}

@report{cnr-digital-archives,
  author =       "{Clara Bacciu, Angelica Lo Duca, Andrea Marchetti}",
  title =        {The Use of Blockchain for Digital Archives: Challenges and Perspectives},
  year =         "2018",
}

@article{Haber91howto,
    author = {Stuart Haber and W. Scott Stornetta},
    title = {How to Time-stamp a Digital Document},
    journal = {Journal of Cryptology},
    year = {1991},
    volume = {3},
    pages = {99--111}
}

@book{Kurose:2012:CNT:2584507,
 author = {Kurose, James F. and Ross, Keith W.},
 title = {Computer Networking: A Top-Down Approach (6th Edition)},
 year = {2012},
 isbn = {0132856204, 9780132856201},
 edition = {6th},
 publisher = {Pearson},
}

@inbook {Kurose:2012History,
 author = {Kurose, James F. and Ross, Keith W.},
 title = {Computer Networking: A Top-Down Approach (6th Edition)},
 year = {2012},
 isbn = {0132856204, 9780132856201},
 edition = {6th},
 pages = {64-66},
 publisher = {Pearson},
}

@online{oreilly,
    author = "Tim O'Reilly",
    title = "What Is Web 2.0",
    url  = "https://www.oreilly.com/pub/a/web2/archive/what-is-web-20.html",
    addendum = "(Visitato: 10.08.2018)",
}

@book{latexcompanion,
    author    = "Michel Goossens and Frank Mittelbach and Alexander Samarin",
    title     = "The \LaTeX\ Companion",
    year      = "1993",
    publisher = "Addison-Wesley",
    address   = "Reading, Massachusetts"
}
 
@online{knuthwebsite,
    author = "Donald Knuth",
    title = "Knuth: Computers and Typesetting",
    url  = "http://www-cs-faculty.stanford.edu/~uno/abcde.html",
    addendum = "(Visitato: 01.09.2016)",
    keywords = "latex,knuth"
}

@online{chainskills,
    addendum = "test",
    author = "Sebastien Arbogast, Said Eloudrhiri",
    title = "What qualifies as a blockchain",
    url  = "http://chainskills.com/2016/11/21/what-qualifies-as-a-blockchain/",
    addendum = "(Visitato: 10.08.2018)",
}

@online{Nakamoto_bitcoin:a,
    author = {Satoshi Nakamoto},
    title = {Bitcoin: A peer-to-peer electronic cash system,” http://bitcoin.org/bitcoin.pdf},
    year = {2008}
}

@online{LeslieMail:a,
    author = {Leslie Lamport},
    title = {distribution,” https://www.microsoft.com/en-us/research/uploads/prod/2016/12/Distribution.pdf},
    year = {1987}
}

@online{Ethereum,
    title = "Ethereum Blockchain App Platform",
    url  = "https://www.ethereum.org/",
}

@online{vitalButerinDecent,
    author = "Vitalik Buterin",
    title = "The Meaning of Decentralization",
    url  = "https://medium.com/@VitalikButerin/the-meaning-of-decentralization-a0c92b76a274",
    addendum = "(Visitato: 20.08.2018)",
}

@online{jsDocs,
    title = "ECMAScript® 2015 Language Specification",
    url  = "http://www.ecma-international.org/ecma-262/6.0/index.html",
    addendum = "(Visitato: 20.08.2018)",
}

@article{SzaboDigCurr,
	author = {Nick Szabo},
	title = {Contracts with Bearer},
	year = {1997},
	url = {https://nakamotoinstitute.org/contracts-with-bearer/},
	addendum = "(Visitato: 20.08.2018)",
}

@online{genesisBitc,
    title = "Bitcoin, blocco genesis",
    url  = "https://blockexplorer.com/block/000000000019d6689c085ae165831e934ff763ae46a2a6c172b3f1b60a8ce26f",
}

@online{genesisEth,
    title = "Ethereum, blocco genesis",
    url  = "https://etherscan.io/block/0f",
}

@online{sha2Wiki,
    title = "SHA2 - Funzioni di Hash",
    url  = "https://en.wikipedia.org/wiki/SHA-2",
}

@online{sha3Wiki,
    title = "SHA3 - Funzioni di Hash",
    url  = "https://en.wikipedia.org/wiki/SHA-3",
}

@online{hashExample,
    title = "Esempio del calcolo di SHA256 - Generatore Hash",
    url  = "https://passwordsgenerator.net/sha256-hash-generator/",
}

@online{ethWhitepaper,
    title = "Whitepaper Ethereum - Merkle Trees",
    url  = "https://github.com/ethereum/wiki/wiki/White-Paper#merkle-trees",
}

@online{ethYellowpaper,
    title = "Yellowpaper Ethereum",
    url  = "https://ethereum.github.io/yellowpaper/paper.pdf",
}

@online{gart,
    title = "Gartner - Società di consulenza nel campo dell'Information Technology ",
    url  = "https://www.gartner.com/en",
}

@online{gart2016,
    title = "Gartner - Hype Cycle for Emerging Technologies, 2016",
    url  = "https://www.gartner.com/newsroom/id/3412017",
}

@online{gart2018,
    title = "Gartner - Hype Cycle for Emerging Technologies, 2018",
    url  = "https://www.gartner.com/smarterwithgartner/5-trends-emerge-in-gartner-hype-cycle-for-emerging-technologies-2018/"
}

@online{rippleMain,
    title = "Ripple: Blockchain ",
    url  = "https://ripple.com/"
}

@online{rippleStrategy,
    title = "Ripple: Strategia di decentralizzazione",
    url  = "https://ripple.com/dev-blog/decentralization-strategy-update/"
}

@online{btcAttacchi1,
    title = "Bitcoin: Attacco della maggiornaza (majority attack)",
    url  = "https://en.bitcoin.it/wiki/Majority_attack"
}

@online{btcAttacchi2,
    title = "Bitcoin: Tentativi di modifica della storia della rete",
    url  = "https://en.bitcoin.it/wiki/Weaknesses#Attacker_has_a_lot_of_computing_power"
}

@online{btcSicurezza,
    title = "Bitcoin: Attacchi e prevenzione della doppia spesa",
    url  = "https://en.bitcoin.it/wiki/Irreversible_Transactions"
}

@article{btcEnergy,
  author =       "{Alex de Vries}",
  title =        {Bitcoin's Growing Energy Problem},
  url = {https://www.cell.com/joule/fulltext/S2542-4351(18)30177-6},
  year =         "05.2018",
  addendum = "(Visitato: 01.09.2016)",
  DOI = {https://doi.org/10.1016/j.joule.2018.04.0165},
}

@online{wikiAsymEncrypt,
    title = "Crittografia Asimmetrica - Asymmetric Encryption",
    url  = "https://en.wikipedia.org/wiki/Public-key_cryptography"
}

@online{wikiDigSign,
    title = "Firme digiali - Digital signature",
    url  = "https://en.wikipedia.org/wiki/Digital_signature"
}

@online{wikiGameTheory,
    title = "Teoria dei giochi - Game theory",
    url  = "https://en.wikipedia.org/wiki/Game_theory"
}

@online{visaThroughput,
    title = "Throughput - Visa",
    url  = "https://usa.visa.com/run-your-business/small-business-tools/retail.html"
}

@online{trilemmaScalab,
    title = "Trilemma scalability",
    url  = "https://github.com/ethereum/wiki/wiki/Sharding-FAQs#this-sounds-like-theres-some-kind-of-scalability-trilemma-at-play-what-is-this-trilemma-and-can-we-break-through-it"
}

@online{censorship,
    title = "Censura nelle blockchain",
    url  = "https://blog.ethereum.org/2015/06/06/the-problem-of-censorship/"
}

@online{rippleProtocol,
    title = "Whitepaper Ripple - sistema di consenso",
    url  = "https://ripple.com/files/ripple_consensus_whitepaper.pdf"
}

@online{ethWhitepaperTx,
    title = "Whitepaper Ethereum - transazioni",
    url  = "https://github.com/ethereum/wiki/wiki/White-Paper#messages-and-transactions"
}

@online{wikidistrComp,
    title = "Calcolo distribuito - distributed computing",
    url  = "https://en.wikipedia.org/wiki/Distributed_computing"
}